<?xml version="1.0" encoding="UTF-8"?><collection xmlns="http://www.loc.gov/MARC21/slim"><record><leader>00434nam--2200145-i-4500</leader><controlfield tag="001">000014946</controlfield><controlfield tag="002">20161230</controlfield><controlfield tag="005">20161230201031</controlfield><controlfield tag="008">060222s1000------------r-----000-0-eng-d</controlfield><datafield ind1=" " ind2=" " tag="080"><subfield code="a">681.5</subfield></datafield><datafield ind1=" " ind2=" " tag="245"><subfield code="a">Control engineers   handbook. servomechani sms, regulators and automatic feedback control systems</subfield></datafield><datafield ind1=" " ind2=" " tag="260"><subfield code="a">New York, Mcgraw-hill, 1958 Xiii + 1105 P</subfield></datafield><datafield ind1=" " ind2=" " tag="490"><subfield code="a">Mcgraw-hill Hanbbooks</subfield></datafield><datafield ind1=" " ind2=" " tag="700"><subfield code="a">John G. Truxal</subfield></datafield><datafield ind1=" " ind2=" " tag="852"><subfield code="a">13665</subfield></datafield></record></collection>